<record><leader>00000cas a22000007a 4500</leader><controlfield tag="001">23303341</controlfield><controlfield tag="008">910327d18881898nyudn ne      0    0eng d</controlfield><datafield ind1=" " ind2=" " tag="010"><subfield code="a">sn 91066047 </subfield></datafield><datafield ind1=" " ind2=" " tag="040"><subfield code="a">NYS</subfield><subfield code="b">eng</subfield><subfield code="c">NYS</subfield><subfield code="d">OCLCQ</subfield></datafield><datafield ind1=" " ind2=" " tag="042"><subfield code="a">msc</subfield></datafield><datafield ind1="0" ind2="4" tag="245"><subfield code="a">The Syracuse courier.</subfield></datafield><datafield ind1="1" ind2="3" tag="246"><subfield code="a">Daily courier</subfield></datafield><datafield ind1=" " ind2=" " tag="260"><subfield code="a">Syracuse, N.Y. :</subfield><subfield code="b">Courier Print. Co.,</subfield><subfield code="c">1888-1898.</subfield></datafield><datafield ind1=" " ind2=" " tag="300"><subfield code="a">12 v.</subfield></datafield><datafield ind1=" " ind2=" " tag="310"><subfield code="a">Daily (except Sunday)</subfield></datafield><datafield ind1="0" ind2=" " tag="362"><subfield code="a">Vol. 31, no. 279 (May 14, 1888)-v. 42, no. 115 (Dec. 17, 1898).</subfield></datafield><datafield ind1=" " ind2="4" tag="651"><subfield code="a">Syracuse (N.Y.)</subfield><subfield code="v">Newspapers.</subfield></datafield><datafield ind1=" " ind2=" " tag="752"><subfield code="a">United States</subfield><subfield code="b">New York</subfield><subfield code="c">Onondaga</subfield><subfield code="d">Syracuse.</subfield></datafield><datafield ind1="0" ind2=" " tag="775"><subfield code="t">Onondaga weekly courier</subfield><subfield code="w">(DLC)sn 83031729</subfield><subfield code="w">(OCoLC)10033948</subfield></datafield><datafield ind1="0" ind2=" " tag="775"><subfield code="t">Semi-weekly courier and Onondaga gazette</subfield><subfield code="w">(DLC)sn 92062246</subfield></datafield><datafield ind1="0" ind2="0" tag="780"><subfield code="t">Syracuse daily courier (Syracuse, N.Y. : 1869)</subfield><subfield code="w">(DLC)sn 83031891</subfield><subfield code="w">(OCoLC)10028862</subfield></datafield><datafield ind1="0" ind2="0" tag="785"><subfield code="t">Evening telegram and courier</subfield><subfield code="w">(DLC)sn 91066048</subfield><subfield code="w">(OCoLC)23303188</subfield></datafield><datafield ind1="1" ind2=" " tag="029"><subfield code="a">AU@</subfield><subfield code="b">000025902332</subfield></datafield></record>